
@book{Amari1985,
	author = {Amari, Shunichi.},
	publisher = {Springer-Verlag},
	title = {Differential-geometrical methods in statistics},
 	year = {1985}
}

@book{Anderson1979,
  author = {Brian D. O. Anderson and John B. Moore},
  publisher = {Prentice Hall},
  title = {Optimal Filtering},
  year = {1979}
}

@article{Arora2016,
	author = {Siddharth Arora and James W. Taylor},
	title = {Forecasting electricity smart meter data using conditional kernel density estimation},
	year = {2016},
	journal = {Omega},
	volume = {59},
	pages = {47-59}	
}

@article{Arulampalam2002,
 author = {M. Sanjeev Arulampalam and Simon Maskell and Neil Gordon and Tim Clapp},
 title = {A Tutorial on Particle Filters for Online Nonlinear/Non-Gaussian Bayesian Tracking},
 journal = {IEEE Transactions on Signal Processing},
 year = {2002},
 volume = {50},
 pages = {174-188}
}

@inproceedings{Attias1999,
 	author = {Attias, Hagai},
 	title = {A Variational Bayesian Framework for Graphical Models},
	booktitle = {Advances in Neural Information Processing Systems 12},
	year = {1999}
} 

@phdthesis{Bautista2017,
  title = {Functional architecture for automated vehicles trajectory planning in complex environments},
  school = {PSL Research University},
  author = {David Gonzalez Bautista},
  year = {2017}
}

@phdthesis{Beal2003,
  title = {Variational Algorithms for Approximate Bayesian Inference},
  school = {University College London},
  author = {Beal, Matthew J.},
  year = {2003}
}

@article{Bertsekas1992,
 author = {Dimitri P Bertsekas},
 title = {Auction Algorithms for Network Flow Problems: A Tutorial Introduction},
 journal = {Computational Optimization and Applications},
 year = {1992},
 volume = {1},
 pages = {7-66}
}

@book{Bianchi2017,
	author = {Filippo Mario Bianchi and Enrico Maiorino and Michael C. Kampffmeyer and Antonello Rizzi and Robert Jenssen},
	year = {2017},
	publisher = {Springer},
	title = {Recurrent Neural Networks for Short-Term Load Forecasting}
}

@book{Bishop2006,
	author = {Bishop, Christoper M.},
	publisher = {Springer},
	title = {Pattern Recognition and Machine Learning},
	year = {2006}
}

@inbook{Bottou1999,
	title={On-line Learning and Stochastic Approximations},
	booktitle={On-Line Learning in Neural Networks},
	publisher={Cambridge University Press},
	author={Bottou, Léon}, 
	chapter = {2},
	year={1999},
	pages={9–42}
}

@inproceedings{Bottou2008,
 author = {Bottou, Leon and Bousquet, Olivier},
 title = {The Tradeoffs of Large Scale Learning},
 booktitle = {Advances in Neural Information Processing Systems},
 year = {2008}
} 

	
@article{Blei2017,
	author = {Blei, David M. and Kucukelbir, Alp and McAuliffe, Jon D.},
	year = {2017},
	title = {Variational Inference: A Review for Statisticians},
	journal = {Journal of the American Statistical Association},
	volume = {112},
	number = {518},
	pages = {859-877},	
}

@inproceedings{Broderick2013,
	title = {Streaming Variational Bayes},
	author = {Broderick, Tamara and Boyd, Nicholas and Wibisono, Andre and Wilson, Ashia C and Jordan, Michael I},
	booktitle = {Advances in Neural Information Processing Systems 26},
	year = {2013}
}

@article{Buchholz2018,
 title = {Quasi-Monte Carlo Variational Inference},
 author = {Alexander Buchholz and Florian Wenzel and Stephan Mandt},
 year = {2018},
 journal = {arXiv e-prints}
}

@article{Caflisch1998,
 author = {Russel E. Caflisch},
 journal = {Acta Numerica},
 title = {Monte Carlo and quasi-Monte Carlo methods},
 year = {1998},
 volume = {7},
 pages = {1-49}
}
 
@article{Casella1996,
  	author = {Casella, George and Robert, Christian P.},
  	title = {Rao-blackwellisation of sampling schemes},
  	journal = {Biometrika},
  	year = {1996},
  	volume = {83},
  	number = {1},
  	pages = {81-94}
}
 
@book{Casella2002,
 title = {Statistical Inference},
 author = {George Casella and Roger L. Berger},
 year = {2002},
 publisher = {Brooks/Cole, Cengage Learning}
}

@book{Chandler1987,
	author = {Chandler, David},
	publisher = {Oxford University Press},
	title = {Introduction to Modern Statistical Mechanics},
	year = {1987}
}

@article{Chib2017,
	author = {Siddhartha Chib and Minchul Shin and Anna Simoni},
	journal = {Journal of the American Statistical Society},
	title = {Bayesian Estimation and Comparision of Moment Condition Models},
	year = {2017},
	pages = {1-13},
	volume = {0}
}

@article{DaSilva2013,
	author = {Per Goncalves {Da Silva} and Dejan Ilic and Stamatis Karnouskos},
	title = {The Impact of Smart Grid Prosumer Grouping on Forecasting Accuracy and Its Benefits for Local Electricity Market Trading},
	journal = {IEEE Transactions on Smart Grid},
	volume = {5},
	pages = {402-410},
	year = {2013}
}
	

@inproceedings{Dieng2017,
 author = {Adji Bousso Dieng and Dustin Tran and Rajesh Ranganath and John Paisley and David Blei},
 title = {Variational Inference via {$\chi$} Upper Bound Minimization},
 booktitle = {Advances in Neural Information Processing Systems 30},
 year = {2017}
}


@article{Ding2013,
  author = {Ding, Chenxi and Wang, Wuhong and  Wang, Xiao and  Baumann, Martin},
  title = {A Neural Network Model for Driver’s Lane-Changing Trajectory Prediction in Urban Traffic Flow},
  journal = {Mathematical Problems in Engineering},
  year = {2013},
  volume = {2013}
}


@article{Dissmann2013,
 	author = {Di{\ss}mann, J. and Brechmann, E. C. and Czado, C. and Kurowicka, D.},
 	title = {Selecting and Estimating Regular Vine Copulae and Application to Financial Returns},
 	journal = {Computional Statistics and Data Analysis},
 	volume = {59},
 	year = {2013},
 	pages = {52-69}
} 

@article{Doucet2000,
 title = {On sequential Monte Carlo sampling methods for Bayesian filtering},
 author = {Arnaud Doucet and Simon Godsill and Christophe Andrieu},
 year = {2000},
 journal = {Statistics and Computing},
 volume = {10},
 pages = {197-208}
}

@article{Duchi2011,
	author = {Duchi, John and Hazan, Elad and Singer, Yoram},
	journal = {Journal of Machine Learning Research},
	pages = {2121-2159},
	title = {Adaptive Subgradient Methods for Online Learning and Stochastic Optimization},
 	year = {2011},
 	volume = {12}
}

@article{Fan2012,
  	author = {Fan, Shu and Hyndman, Rob J.},
  	journal = {IEEE Transactions on Power Systems},
  	title = {Short-term load forecasting based on a semi-parametric additive model},
  	volume = {27},
  	year = {2012},
  	pages = {134-141}
}

@inproceedings{Forbes1995,
 author = {Jeff Forbes and Tim Huang and Keiji Kanazawa and Stuart Russell},
 title = {The BATmobile: Towards a Bayesian Automated Taxi},
 booktitle = {International Joint Conference on Artificial Intelligence},
 year = {1995}
}

@unpublished{Forbes2000,
    	author  = {Forbes, Catherine S. and Snyder, Ralph D. and Sharmi, Roland G.},
    	title   = {Bayesian Exponential Smoothing},
    	year    = {2000},
    	note    = {Working paper}
}

@article{Friston2006,
	author = {Friston, Karl and Mattout, J{\'}er{\'}emie and Trujillo-Barreto, Nelson and Ashburnder, John and Penny, Will},
	title = {Variational free energy and the Laplace approximation},
	journal = {NeuroImage},
	volume = {34},
	pages = {220-234},
	year = {2006},
}


@article{Garthwaite2016,
author = {P. H. Garthwaite and Y. Fan and S. A. Sisson},
title = {Adaptive optimal scaling of Metropolis–Hastings algorithms using the Robbins–Monro process},
journal = {Communications in Statistics - Theory and Methods},
volume = {45},
number = {17},
pages = {5098-5111},
year  = {2016},
publisher = {Taylor and Francis},
doi = {10.1080/03610926.2014.936562},
}


@article{Gelman1997,
 author = {A. Gelman and W. R. Gilks and G. O. Roberts},
 title = {Weak convergence and optimal scaling of random walk Metropolis algorithms},
 year = {1997},
 journal = {Annals of Applied Probability},
 volume = {7},
 pages = {110-120}
}
 
@book{Gelman2014,
 author = {Andrew Gelman and John B. Carlin and Hal S. Stern and David B. Dunson and Aki Vehtari and Donald B. Rubin},
 title = {Bayesian Data Analysis Third Edition},
 publisher = {CRC Press},
 year = {2014}
}

@article{Geman1984,
 author = {Stuart Geman and Donald Geman},
 title = {Stochastic Relaxation, Gibbs Distributions, and the Bayesian Restoration of Images},
 journal = {IEEE Transactions on Pattern Analysis and Machine Intelligence},
 year = {1984},
 volume = {6},
 pages = {721-741}
}

@article{Geng2017,
 author = {Xinli Geng and Huawei Liang and Biao Yu Pan Zhao and Liuwei He and Rulin Huang},
 title = {A Scenario-Adaptive Driving Behavior Prediction Approach to Urban Autonomous Driving},
 journal = {Applied Sciences},
 year = {2017},
 volume = {7},
}

@incollection{Geweke2006,
  	author      = {Geweke, John and Whiteman, Charles},
 	title       = {Bayesian Forecasting},
  	editor      = {Elliott, G. and Granger, C. W. J. and Timmermann, A.},
  	booktitle   = {Handbook of Economic Forecasting, Volume 1},
  	publisher   = {Elsevier},
  	year        = {2006},
  	chapter     = {10},
}

@inproceedings{Ghahramani2000a,
  	author = {Ghahramani, Zoubin and Beal, Matthew J.},
 	title = {Propogation algorithms for Variational Bayesian Learning},
	booktitle = {Advances in Neural Information Processing Systems 13},
	year = {2000}
}

@misc{Ghahramani2000b,
 author = {Zoubin Ghahramani and Hagai Attias},
 title = {Online variational Bayesian learning},
 year = {2000},
 note = {Slides from talk presented at NIPS 2000 workshop on Online Learning, available at http://mlg.eng.cam.ac.uk/zoubin/papers/nips00w.pdf}
}

@book{Gilks1995a,
 author = {W. R. Gilks and S. Richardson and David Spiegelhalter},
 year = {1995},
 title = {Markov Chain Monte Carlo in Practice},
 publisher = {Chapman and Hall}
}

@article{Gilks1995b,
  author = {Gilks, W. R. and Best, N. G. and Tan, K. K. C},
  title = {Adaptive Rejection Metropolis Sampling within Gibbs Sampling},
  year = {1995},
  volume = {44},
  number = {4},
  pages = {445-472},
  journal = {Journal of the Royal Statistical Society. Series C (Applied Statistics)}
}


@inproceedings{Gindele2010,
	author = {Tobias Gindele and Sebastian Brechtel and Rudgier Dillmann},
	title = {A Probabilistic Model for Estimating Driver Behaviors and Vehicle Trajectories in Traffic Environments},
	booktitle = {13th International IEEE Annual Conference on Intellient Transportation Systems},
	year = {2010}
}

@inproceedings{Ghofrani2011,
 author = {M. Ghofrani and M. Hassanzadeh and M. Etezadi-Amoli and M. S. Fadili},
 title = {Smart meter based short-term load forecasting for residential customers},
 year = {2011},
 booktitle = {Proceedings of the North American Power Symposium}
}


@article{Gneiting2014,
  	author = {Gneiting, Tilmann and Katzfuss, Matthias},
  	title = {Probabilistic Forecasting},
  	journal = {Annual Review of Statistics and Its Application},
  	volume = {1},
  	pages = {125-151},
  	year = {2014}
}

@article{Gunawan2017,
  author = {Gunawan, David and Tran, Ming Ngoc and Kohn, Robert},
  title = {Fast Inference for Intractable Likelihood Problems using Variational Bayes},
  journal = {ArXiv e-prints},
  year = {2017}
}

@article{He2016,
  	author = {He, Yaoyao and Xu, Qifa and Wan, Jinhong and Yang, Shanlin},
  	journal = {Energy},
  	title = {Short-term power load probability density forecasting based on quantile regression neural network and triangle kernel function},
  	volume = {114},
  	pages = {498-512},
 	year = {2016}
}

@inproceedings{Heard2016,
 author = {Nick Heard and Patrick Rubin-Delanchy},
 title = {Network-wide anomaly detection via the Dirichlet process},
 year = {2016},
 booktitle = {IEEE Conference on Intelligence and Security Informatics}
}

@inproceedings{Hoffman2010,
	title = {Online Learning for Latent Dirichlet Allocation},
	author = {Matthew Hoffman and Francis R. Bach and David M. Blei},
	booktitle = {Advances in Neural Information Processing Systems 23},
	year = {2010}
}

@article{Hoffman2013,
	author = {Hoffman, Matt and Blei, David M. and Wang, Chong and Paisley, John},
	journal = {Journal of Machine Learning Research},
	volume = {14},
	pages = {1303-1347},
	title = {Stochastic Variational Inference},
 	year = {2013}
}

@inproceedings{Houenou2013,
	author = {Adam Houenou and Philippe Bonnifait and Veronique Cherfaoui and Yao Wen},
	title = {Vehicle Trajectory Prediction based on Motion Model and Maneuver Recognition},
	booktitle = {IEEE/RSJ International Conference on Intelligent Robots and Systems},
	year = {2013}
}

@article{Hyndman2010,
	author = {Rob J. Hyndman and Shu Fan},
	title = {Density Forecasting for Long-Term Peak Electricity Demand},
	year = {2010},
	journal = {IEEE Transactions on Power Systems},
	volume = {25},
	pages = {1142-1153}
}

@book{Joe2014,
	author = {Joe, Harry},
	publisher = {CRC Press},
	title = {Dependence modeling with copulas},
	year = {2014},
}

@article{Jordan1999,
	author = {Jordan, Micheal I. and Ghahramani, Zoubin. and Jaakola, Tommi S. and Saul, Lawrence K.},
	journal = {Machine Learning},
  	volume = {37},
	pages = {183-233},
	title = {An introduction to variational methods for graphical models},
 	year = {1999}
}

@article{Kabisa2016,
	author = {Sylvie (Tchumtchoua) Kabisa and David B. Dunson and Jeffrey S. Morris},
	title = {Online Variational Bayes Inference for High-Dimensional Correlated Data},
	journal = {Journal of Computational and Graphical Statistics},
	volume = {25},

	pages = {426-444},
	year  = {2016}
}

@article{Kingma2014a,
  	author = {Kingma, Diederik P. and Welling, Max},
  	title = {Auto-Encoding Variational Bayes},
  	journal = {ArXiv e-prints},
  	year = {2014},
  	month = {dec},
}

@article{Kingma2014b,
	author = {Kingma, Diederik P and Ba, Jimmy Lei},
	title = {Adam: A Method for Stochastic Optimization},
  	journal = {ArXiv e-prints},
	year = {2014}
}

@article{Kingma2015,
  	author = {Kingma, Diederik. P. and Salimans, Tim. and Welling, Max.},
  	title = {Variational Dropout and the Local Reparameterization Trick},
  	journal = {ArXiv e-prints},
  	year = {2015},
  	month = {jun},
}

@inproceedings{Kingma2016,
	author = {Kingma, Diederik P and Salimans, Tim and Jozefowicz, Rafal and Chen, Xi and Sutskever, Ilya and Welling, Max},
	booktitle = {Advances in Neural Information Processing Systems 29},
	title = {Improved Variational Inference with Inverse Autoregressive Flow},
	year = {2016},
}

@article{Kong1994,
 author = {Augustine Kong and Jun S. Liue and Wing Hung Wong},
 title = {Sequential Imputations and Bayesian Missing Data Problems},
 journal = {Journal of the American Statistical Association},
 year = {1994},
 volume = {89},
 pages = {278-288}
}

@article{Kucukelbir2017,
 title = {Automatic Differentiation Variational Bayes},
 author = {Alp Kucukelbir and Dustin Tran and Rajesh Ranganath and Andrew Gelman and David M. Blei},
 journal = {Journal of Machine Learning Research},
 year = {2017},
 volume = {18},
 pages = {430-474}
}

@techreport{Kuge2000,
  title = {A Driver Behavior Recognition Method Based on a Driver Model Framework},
  year = {2000},
  author = {Kuge, Nobuyuki and Yamamura, Tomohiro and Shimoyama, Osamu and Liu Andrew},
  institution = {SAE Technical Paper Series}
}

@article{Kullback1951,
 	author = {Kullback, Solomon and  Leibler, Richard A.},
	journal = {The Annals of Mathematical Statistics},
	number = {1},
	pages = {79-86},
	title = {On Information and Sufficiency},
	volume = {22},
 	year = {1951}
}

@inproceedings{Kumagi2003,
	author = {Kumagai, Toru and Sakaguchi, Yasuo and Okuwa, Masayuki and Akamatsu, 	Motoyuki},
	year = {2003},
	title = {Prediction of Driving Behavior through Probabilistic Inference},
	booktitle = {Proceedings of th Eigths International Conference on Engineering Applications of Neural Networks}
}

@inproceedings{Kumar2013, 
	author={P. Kumar and M. Perrollaz and S. Lefèvre and C. Laugier}, 
	booktitle={2013 IEEE Intelligent Vehicles Symposium (IV)}, 
	title={Learning-based approach for online lane change intention prediction}, 
	year={2013} 
}


@inproceedings{Li2015, 
	author={G. Li and S. E. Li and Y. Liao and W. Wang and B. Cheng and F. Chen}, 
	booktitle={2015 IEEE Intelligent Vehicles Symposium (IV)}, 
	title={Lane change maneuver recognition via vehicle state and driver operation 		signals 2014; Results from naturalistic driving data}, 
	year={2015}
}

@inproceedings{Li2016,
 author = {Yingzhen Li and Richard E Turner},
 title = {R{\'e}nyi Divergence Variational Inference},
  booktitle = {Advances in Neural Information Processing Systems 29},
 year = {2016}
}

@inproceedings{Liu2016,
	author = {Liu, Qiang and Wang, Dilin},
	booktitle = {Advances in Neural Information Processing Systems 29},
	title = {Stein Variational Gradient Descent: A General Purpose Bayesian Inference Algorithm},
	year = {2016}
}

@inproceedings{Liu2017,
	author = {Liu, Qiang},
	booktitle = {Advances in Neural Information Processing Systems 30},
	title = {Stein Variational Gradient Descent as Gradient Flow},
	year = {2017}
}


@article{Ma2017,
 author = {Yi-An Ma and Nicholas J. Foti and Emily B.Fox},
 year = {2017},
 title = {Stochastic Gradient MCMC Methods for Hidden Markov Models},
 journal = {ArXiv e-prints}
}


@article{Matousek1998,
  author = {Matousek, Jiri},
  title = {On the L2-discrepancy for anchored boxes},
  journal = {Journal of Complexity},
  year = {1998},
  pages = {527-556},
  volume = {14}
}

@inproceedings{Minka2001,
	author = {Minka, Thomas P.},
	title = {Expectation Propagation for Approximate Bayesian Inference},
	booktitle = {UAI '01: Proceedings of the 17th Conference in Uncertainty in Artificial Intelligence},
	year = {2001}
}

@techreport{Minka2004,
	title = {Power EP},
	author = {Minka, Thomas P.},
	year = {2004},
	institution = {Microsoft Research, Cambridge},
}

@article{Mirowski2014,
 	title = {Demand forecasting in smart grids},
 	author = {Piotr Mirowski and Sining Chen and Tin Kam Ho and Chun-Nam Yu},
 	journal = {Bell Labs Technical Journal},
 	year = {2014},
 	volume = {18},
 	pages = {135-158}
 }


@book{Niederreiter1992,
author = {Niederretier, H.},
title = {Random Number Generation and Quasi-Monte Carlo Methods},
publisher = {Society for Industrial and Applied Mathematics, Philadelphia},
year = {1992}
}


@inproceedings{Ng2016,
	author = {Ng, Yin, Cheng and Chilinski, Pawel and Silva, Ricardo},
	booktitle = {Advances in Neural Information Processing Systems 29},
	title = {Scaling Factorial Hidden Markov Models: Stochastic Variational Inference without Messages},
	year = {2016}
}


@manual{NHTSA2015,
	title = {Critical Reasons for Crashes Investigates in the National Motor Vehicle Crash Causation Survey},
	author = {NHTSA},
	url = {https://crashstats.nhtsa.dot.gov/Api/Public/ViewPublication/812115},
	year = {2015},
	note = {Accessed: 2018-03-02}
 }
 
@inproceedings{Niska2015,
	title = {Evolving Smart Meter Data Driven Model for Short-Term Forecasting of Electric Loads},
	author = {Harri Niska and Pekka Koponen and Antti Mutanen},
	year = {2015},
	booktitle = {Proceedings of the IEEE Tenth International COnference on Intelligent Sensors, Sensor Networks and Information Processing}
}


@inproceedings{Paisley2012,
	author = {Paisley, John and Blei, David. M. and Jordan, Micheal I.},
	booktitle = {Proceedings of the 29th International Conference on Machine Learning},
	title = {Variational Bayesian Inference with Stochastic Search},
	year = {2012}
}

@article{Pentland1999, 
  author = {Pentland, Alex and Liu, Andrew},
  title = {Modeling and Prediction of Human Behavior},
  journal = {Neural Computation},
  year = {1999},
  pages = {229-242},
  volume = {11}
}

@article{Peterson1987,
  author = {Peterson, Carsten and Anderson, James R.},
  title = {A Mean Field Theory Learning Algorithm for Neural Networks},
  journal = {Complex Systems},
  year = {1987},
  volume = {1},
  pages = {995-1019}
}


@article{Qian1999,
 author = {Ning Qian},
 title = {On the momentum term in gradient descent learning algorithms},
 year = {1999},
 journal = {Neural Networks},
 volume = {12},
 pages = {145-151}
}

@article{Quilumba2015,
 author = {Franklin L. Quilumba and Wei-Jen Lee and Heng Huang and David Y. Wang and Robert L. Szabados},
 title = {Using Smart Meter Data to Improve the Accuracy of Intraday Load Forecasting Considering Customer Behavior Similarities},
 journal = {IEEE Transactions on Smart Grid},
 year = {2015},
 volume = {6},
 pages = {911-918}
}

@Manual{R,
    title = {R: A Language and Environment for Statistical Computing},
    author = {{R Core Team}},
    organization = {R Foundation for Statistical Computing},
    address = {Vienna, Austria},
    year = {2017},
    url = {https://www.R-project.org/},
  }
  
@article{Ramanathan1997,
 title = {Short-run forecasts of electricity loads and peaks},
 author = {R. Ramanathan and R. F. Engle and C. W. J. Granger and F. Vahid and C. Brace},
 journal = {International Journal of Forecasting},
 year = {1997},
 volume = {13},
 pages = {161-174}
}


@inproceedings{Ranganath2014,
	author = {Ranganath, Rajesh. and Gerrish, Sean and Blei, David, M.},
	title = {Black Box Variational Inference},
	booktitle = {Proceedings of the Seventeenth International Conference on Artificial Intelligence and Statistics},
	year = {2014}
}

@inproceedings{Ranganath2016a,
	author = {Ranganath, Rajesh and Tran, Dustin and Blei, David M.},
	title = {Heirarchical Variational Models},
	booktitle = {Proceedings of the 33rd International Conference on Machine Learning},
	year = {2016}
}	

@inproceedings{Ranganath2016b,
	author = {Ranganath, Rajesh and Altosaar, Jaan and Tran, Dustin and Blei, David, M.},
	booktitle = {Advances in Neural Information Processing Systems 29},
	title = {Operator Variational Inference},
	year = {2016}
}

@inproceedings{Rezende2014,
	author = {Rezende, Danilo Jimenez and Mohamed, Shakir and Wierstra, Daan},
	title = {Stochastic Backpropagation and Approximate Inference in Deep Generative Models},
	booktitle = {Proceedings of the 31st International Conference on Machine Learning},
	year = {2014},
}

@inproceedings{Rezende2015,
	author = {Rezende, Danilo Jimenez and Mohamed, Shakir},
	title = {Variational Inference with Normalizing Flows},
	booktitle = {Proceedings of the 32nd International Conference on Machine Learning},
	year = {2015},
}


@article{Robbins1951,
	author = {Robbins, Herbert and Monro, Sutton},
	year = {1951},
	title = {A Stochastic Approximation Method},
	journal = {The Annals of Mathematical Statistics},
	volume = {22},
	number = {3},
	pages = {400-407}
}

@book{Ross2002,
	title = {Simulation},
	author = {Sheldon M. Ross},
	year = {2002},
	publisher = {Academic Press}
}

@Manual{RStanGettingStarted,
  title = {RStan Getting Started},
  author = {{Stan Development Team}},
  url = {https://github.com/stan-dev/rstan/wiki/RStan-Getting-Started},
  year = {2018},
  note = {Accessed: 2018-07-11}
}

@inproceedings{Ruiz2016,
 	author = {Ruiz, Francisco R. and Titsia, Michalis and Blei, David},
 	title = {The Generalized Reparameterization Gradient},
 	booktitle = {Advances in Neural Information Processing Systems 29},
 	year = {2016},
}

@article{Saeedi2015,
 author = {Ardavan Saeedi and Tejas D. Kulkarni and Vikash K. Mansinghka and Samuel J. Gershman},
 title = {Variational Particle Approximations},
 year = {2015},
 journal = {arXiv e-prints}
}

@inproceedings{Sakaya2017,
 author = {Joseph Sakaya and Arto Klami},
 title = {Importance Sampled Stochastic Optimization for Variational Inference},
 booktitle = {Uncertainty in Artificial Intelligence},
 year = {2017}
}

@inproceedings{Sathyanarayana2008, 
	author={A. Sathyanarayana and P. Boyraz and J. H. L. Hansen}, 
	booktitle={2008 IEEE International Conference on Vehicular Electronics and Safety}, 
	title={Driver behavior analysis and route recognition by Hidden Markov Models}, 
	year={2008}
}

@article{Sato2001,
  author = {M. Sato},
  title = {Online model selection based on variational Bayes},
  journal = {Neural Computation},
  year = {2001},
  volume = {13},
  pages = {1649-1681}
}

@inproceedings{Schlechtriemen2014, 
	author={J. Schlechtriemen and A. Wedel and J. Hillenbrand and G. Breuel and K. D. Kuhnert}, 
	booktitle={2014 IEEE Intelligent Vehicles Symposium Proceedings}, 
	title={A lane change detection approach using feature ranking with maximized predictive power}, 
	year={2014}
}

@inproceedings{Shahzedah2015,
 author = {Abbas Shahzadeh and Abbas Khosravi and Saeid Nahavandi},
 title = {Improving load forecast accuracy by clustering consumers using smart meter data},
 booktitle = {Proceedings of the Inernational Joint Conference on Neural Networks},
 year = {2015}
}

@article{Singhai2011,
 author = {Deepak Singhai and K. S. Swarup},
 title = {Electricity price forecasting using artificial neural networks},
 journal = {International Journal of Electrical Power and Energy Systems},
 year = {2011},
 volume = {33},
 pages = {550-555}
}


@article{Sklar1959,
	author = {Sklar, Abe},
	year = {1959},
	title = {Fonctions de répartition à n dimensions et leurs marges},
	journal = {Publ. Inst. Statist. Univ. Paris},
	volume = {8},
	pages = {229-231}
}

@phdthesis{Smidl2004,
	title = {The Variational Bayes Approach in Signal Processing},
	school = {Trinity College, The University of Dublin},
	year = {2004},
	author = {Vaclav Smidl}
}

@article{Smidl2008,
  author = {Vaclav Smidl and Anthorny Quinn},
  title = {Variational Bayesian Filtering},
  journal = {IEEE Transactions on Signal Processing},
  year = {2008},
  volume = {56},
  pages = {5020-5030}
}
 
@article{Snyder1985,
  	author = {Snyder, Ralph D.},
  	journal = {Journal of the Royal Statisitcal Society, Series B},
  	volume = {47},
  	title = {Recursive Estimation of Dynamic Linear Models},
  	year = {1985},
  	pages = {272-276}
}

@article{Sobol1967,
  author = {Sobol, I. M.},
  title = {On the distribution of points in a cube and the approximate evaluation of integrals},
  journal = {USSR Computational Mathematics and Mathematical Physics},
  year = {1967},
  volume = {7},
  pages = {86-112}
}

@article{Taieb2016,
 author = {Souhaib Ben Taieb and Raphael Huser and Rob J. Hyndman and Marc G. Genton},
 title = {Forecasting Uncertainty in Electricity Smart Meter Data by Boosting Additive Quantile Regression},
 journal = {IEEE Transactions on Smart Grid},
 year = {2016},
 volume = {7},
 pages = {2448-2455}
}

@article{Taylor2003,
  	author = {Taylor, James W.},
 	journal = {The Journal of the Operational Research Society},
 	volume = {54},
 	number = {8},
  	title = {Short-Term Electricity Demand Forecasting Using Double Seasonal Exponential Smoothing},
  	year = {2003},
  	pages = {799-805},
}

@article{Taylor2008,
  	author = {Taylor, James W.},
  	journal = {International Journal of Forecasting},
  	volume = {24},
  	title = {An evaluation of methods for very short-term load forecasting using minute-by-minute British data},
  	year = {2008},
  	pages = {645-658},
}

@inproceedings{Tezuka2006, 
	author={S. Tezuka and H. Soma and K. Tanifuji}, 
	booktitle={2006 IEEE International Conference on Industrial Technology}, 
	title={A Study of Driver Behavior Inference Model at Time of Lane Change using Bayesian Networks}, 
	year={2006}
}


@article{Thuy2010,
 author = {Thuy, Michael and Leon, Fernando Puente},
 title = {Lane Detection and Tracking Based on Lidar Data},
 journal = {Metrology and Measurement Systems},
 year = {2010},
 volume = {17},
 pages = {311-321} 
}

@inproceedings{Tian2017,
  author = {Yuchi Tian and Kexin Pei and Suman Jana and Baishakhi Ray},
  title = {DeepTest: Automated Testing of Deep-Neural-Network-driven Autonomous Cars},
  booktitle = {40th International Conference on Software Engineering},
  year = {2017}
}

@misc{Tieleman2012,
 author = {T Tieleman and G Hinton},
 title = {Lecture 6.5 - RMSProp},
 year = {2012},
 publisher = {COURSERA: Neural Networks for Machine Learning}
}

@article{Tierney1994,
  author = {Tierney, Luke},
  journal = {Annals of Statistics},
  year = {1994},
  volume = {22},
  number = {4},
  pages = {1701-1728},
  title = {Markov Chains for Exploring Posterior Distributions}
}

@inproceedings{Titsias2014,
 author = {Titsias, Michalis K. and L\'{a}zaro-Gredilla, Miguel},
 title = {Doubly Stochastic Variational Bayes for Non-conjugate Inference},
 booktitle = {Proceedings of the 31st International Conference on International Conference on Machine Learning - Volume 32},
 year = {2014}
} 

@inproceedings{Tomar2010, 
	author={R. S. Tomar and S. Verma and G. S. Tomar}, 
	booktitle={2010 International Conference on Computational Intelligence and Communication Networks}, 
	title={Prediction of Lane Change Trajectories through Neural Network}, 
	year={2010}
}

@inproceedings{Tran2015,
  	author = {Tran, Dustin and Blei, David M and Airoldi, Edoardo M.},
 	title = {Copula variational inference},
 	booktitle = {Advances in Neural Information Processing Systems 28},
 	year = {2015}
}

@inproceedings{Tran2016,
	author = {Tran, Dustin and Ranganath, Rajesh and Blei, David M.},
	title = {The Variational Gaussian Process},
	booktitle = {Proceedings of the International Conference on Learning Representations 2016},
	year = {2016}
}

@article{Tran2017,
	author = {Tran, Dustin, and Ranganath, Rajesh and Blei, David M.},
	title = {Deep and Hierarchical Implicit Models},
	journal = {ArXiv e-prints},
	year = {2017},
}

@Manual{transport,
  title = {{transport}: Optimal Transport in Various Forms},
  author = {Dominic Schuhmacher and Björn Bähre and Carsten Gottschlich and Florian Heinemann and Bernhard Schmitzer},
  year = {2017},
  note = {R package version 0.9-4},
  url = {https://cran.r-project.org/package=transport},
}

@inproceedings{Varadarajan2017,
  author = {Jagannadan Varadarajan and Ramanathan Subramanian and Narendra Ahuja and Pierre Moulin and Jean-Marc Obobez},
  title = {Active Online Anomaly Detection Using Dirichlet Process Mixture Model and Gaussian Process Classification},
  year = {2017},
  booktitle = {IEEE Winter Conference on Applications of Computer Vision}
}

@article{Wainwright2008,
  	author = {Wainwright, Martin J. and Jordan, Michael I.},
 	journal = {Foundations and Trends in Machine Learning},
  	volume = {1},
 	number = {1-2},
 	year = {2008},
 	pages = {1-305},
 	title = {Graphical Models, Exponential Families, and Variational Inference}
}

@inproceedings{Wan2000,
 author = {E. A. Wan and R. Van Der Merwe},
 title = {The unscented Kalman filter for nonlinear estimation},
 booktitle = {Adaptive Systems for Signal Processing, Communication, and Control Symposium},
 year = {2000}
}

@InProceedings{Wang2011,
  title = 	 {Online Variational Inference for the Hierarchical Dirichlet Process},
  author = 	 {Chong Wang and John Paisley and David Blei},
  booktitle = 	 {Proceedings of the Fourteenth International Conference on Artificial Intelligence and Statistics},
  year = 	 {2011}
}



@article{Wang2013,
	author = {Wang, Chong and Blei, David M.},
	journal = {Journal of Machine Learning Research},
	volume = {14},
	number = {4},
	pages = {1005-1031},
	title = {Variational Inference in Nonconjugate Models},
	year = {2013}
}

@manual{Waymo2017,
  title = {Waymo Safety Report 2017},
  author = {{Waymo}},
  organization = {Waymo LLC},
  year = {2017},
  url = {https://waymo.com/safetyreport},
  note = {Accessed: 2018-02-27}
}

@article{Weron2014,
	author = {Weron, Rafa{\l{}}},
  	journal = {International Journal of Forecasting},
  	volume = {30},
  	year = {2014},
  	pages = {1030-1081},
  	title = {Electricity price forecasting: A review of the start-of-the-art with a look into the future}
}

@inproceedings{Wolf2008,
	author={M. T. Wolf and J. W. Burdick}, 
	booktitle={2008 IEEE International Conference on Robotics and Automation}, 
	title={Artificial potential functions for highway driving with collision avoidance}, 
	year={2008}
}

@inproceedings{Woo2016a,
 	 title = {Lane-Changing Feature Extraction Using Mulisensor Integration},
 	 author = {Hanwool Woo and Yonghoon Ji and Hitoshi Kono and Yusuke Tamura and Yasuhide Kuroda and Takashi Sugano and Yasunori Yamamoto and Atsushi Yamashita and Hajime Asama},
	  booktitle = {16th International Conference on Control, Automation and Systems},
	  year = {2016}
  }

@article{Woo2016b,
 	title={Automatic Detection Method of Lane-Changing Intentions Based on Relationship with Adjacent Vehicles Using Artificial Potential Fields},
  	author={Hanwool Woo and Yonghoon Ji and Hitoshi Kono and Yusuke Tamura and Yasuhide Kuroda and Takashi Sugano and Yasunori Yamamoto and Atsushi Yamashita and Hajime Asama},
  	journal={International Journal of Automotive Engineering},
 	 volume={7},
 	 number={4},
 	 pages={127-134},
  	year={2016}
}

@ARTICLE{Woo2017, 
	author={H. Woo and Y. Ji and H. Kono and Y. Tamura and Y. Kuroda and T. Sugano and Y. Yamamoto and A. Yamashita and H. Asama}, 
	journal={IEEE Robotics and Automation Letters}, 
	title={Lane-Change Detection Based on Vehicle-Trajectory Prediction}, 
	year={2017},
	volume = {2},
	pages = {1109-1116}
}

@article{Yao2018,
	author = {Yuling Yao and Aki Vehtary and Daniel Simpson and Andrew Gelman},
	title = {Yes, but Did it Work?: Evaluating Variational Inference},
	journal = {arXiv e-prints},
	year = {2018}
}

@article{Yildiz2017,
 author = {B. Yildiz and J. I. Bilbao and J. Dore and A.B. Sproul},
 title = {Recent advances in the analysis of residential electricity consumption and applications of smart meter data},
 journal = {Applied Energy},
 year = {2017},
 volume = {208},
 pages = {402-427}
}

@ARTICLE{Zheng2017, 
	author={Y. Zheng and J. H. L. Hansen}, 
	journal={IEEE Transactions on Intelligent Vehicles}, 
	title={Lane-Change Detection From Steering Signal Using Spectral Segmentation and Learning-Based Classification}, 
	year={2017},
	volume = {2},
	pages = {14-24}
}