@book{Amari1985,
	author = {Amari, S.},
	publisher = {Springer-Verlag},
	title = {Differential-geometrical methods in statistics},
 	year = {1985}
}

@inproceedings{Attias1999,
 	author = {Attias, Hagai},
 	title = {A Variational Bayesian Framework for Graphical Models},
	booktitle = {Advances in Neural Information Processing Systems 12},
	year = {1999},
 	pages = {209--215},
	publisher = {MIT Press},
	editor = {Solla, S. A. and Leen, T. K. and M{\"u}ller, K.}
} 

@phdthesis{Beal2003,
  title = {Variational Algorithms for Approximate Bayesian Inference},
  school = {University College London},
  author = {Beal, M.},
  year = {2003}
}

@book{Bishop2006,
	author = {Bishop, C.},
	publisher = {Springer},
	title = {Pattern Recognition and Machine Learning},
	year = {2006}
}

@article{Casella1996,
  	author = {Casella, G. and Robert, C.},
  	title = {Rao-blackwellisation of sampling schemes},
  	journal = {Biometrika},
  	year = {1996},
  	volume = {83},
  	number = {1},
  	pages = {81-94}
}

@book{Chandler1987,
	author = {Chandler, D.},
	publisher = {Oxford University Press},
	title = {Introduction to Modern Statistical Mechanics},
	year = {1987}
}

@article{DissMann2013,
 	author = {Di{\ss}Mann, J. and Brechmann, E. C. and Czado, C. and Kurowicka, D.},
 	title = {Selecting and Estimating Regular Vine Copulae and Application to Financial Returns},
 	journal = {Computional Statistics and Data Analysis},
 	volume = {59},
 	year = {2013},
 	pages = {52-69},
} 

@article{Duchi2011,
	author = {Duchi, J. and Hazan, E. and Singer, Y.},
	journal = {Journal of Machine Learning Research},
	number = {12},
	pages = {2121-2159},
	title = {Adaptive Subgradient Methods for Online Learning and Stochastic Optimization},
 	year = {2011},
 	volume = {12}
}

@article{Fan2012,
  	author = {Fan, S. and Hyndman, R.},
  	journal = {IEEE Transactions on Power Systems},
  	title = {Short-term load forecasting based on a semi-parametric additive model},
  	volume = {27},
  	year = {2012},
  	pages = {134-141}
}

@unpublished{Forbes2000,
    	author  = {Forbes, C. S. and Snyder, R. D. and Sharmi, R. G.},
    	title   = {Bayesian Exponential Smoothing},
    	year    = {2000},
    	note    = {Working paper}
}

@article{Friston2006,
	author = {Friston, K. and Mattout, J. and Trujillo-Barreto, N. and Ashburnder, J. and Penny, W.},
	title = {Variational free energy and the Laplace approximation},
	journal = {NeuroImage},
	volume = {34},
	pages = {220-234},
	year = {2006},
}

@inproceedings{Ghahramani2000,
  	author = {Gahramani, Z. and Beal, M., J.},
 	title = {Propogation algorithms for Variational Bayesian Learning},
 	year = {2001},
	editor = {Leen, T., K. and Dietterich, T. and Tresp, V.},
	booktitle = {Advances in Neural Information Processing Systems 13},
	year = {2000},
	pages = {507-513},
	publisher = {MIT Press},
}

@incollection{Geweke2006,
  	author      = {Geweke, J. and Whiteman, C.},
 	title       = {Bayesian Forecasting},
  	editor      = {Elliott, G. and Granger, C. W. J. and Timmermann, A.},
  	booktitle   = {Handbook of Economic Forecasting, Volume 1},
  	publisher   = {Elsevier},
  	year        = {2006},
  	chapter     = {10},
}

@article{Gilks1995,
  author = {Gilks, W. R. and Best, N. G. and Tan, K. K. C},
  title = {Adaptive Rejection Metropolis Sampling within Gibbs Sampling},
  year = {1995},
  volume = {44},
  number = {4},
  pages = {445-472},
  journal = {Journal of the Royal Statistical Society. Series C (Applied Statistics)}
}


@article{Gneiting2014,
  	author = {Gneiting, T. and Katzfuss, M.},
  	title = {Probabilistic Forecasting},
  	journal = {Annual Review of Statistics and Its Application},
  	volume = {1},
  	pages = {125-151},
  	year = {2014}
}

@article{He2016,
  	author = {He, Y. and Xu, Q. and Wan, J. and Yang, S.},
  	journal = {Energy},
  	title = {Short-term power load probability density forecasting based on quantile regression neural network and triangle kernel function},
  	volume = {114},
  	pages = {498-512},
 	year = {2016}
}

@article{Hoffman2013,
	author = {Hoffman, M. and Blei, D. and Wang, C. and Paisley, J.},
	journal = {Journal of Machine Learning Research},
	volume = {14},
	pages = {1303-1347},
	title = {Stochastic Variational Inference},
 	year = {2013}
}

@book{Joe2014,
	author = {Joe, H.},
	publisher = {CRC Press},
	title = {Dependence modeling with copulas},
	year = {2014},
}

@article{Jordan1999,
	author = {Jordan, M.I. and Ghahramani, Z. and Jaakola, T.S. and Saul, L.K.},
	journal = {Machine Learning},
  	volume = {37},
	pages = {183-233},
	title = {An introduction to variational methods for graphical models},
 	year = {1999}
}

@article{Kingma2013,
  	author = {Kingma, D. P. and Welling, M.},
  	title = {Auto-Encoding Variational Bayes},
  	journal = {ArXiv e-prints},
  	year = {2013},
  	month = {dec},
}

@article{Kingma2015,
  	author = {Kingma, D. P. and Salimans, T. and Welling, M.},
  	title = {Variational Dropout and the Local Reparameterization Trick},
  	journal = {ArXiv e-prints},
  	year = {2015},
  	month = {jun},
}

@article{Kullback1951,
 	author = {Kullback, S. and  Leibler, R. A.},
	journal = {The Annals of Mathematical Statistics},
	number = {1},
	pages = {79-86},
	title = {On Information and Sufficiency},
	volume = {22},
 	year = {1951}
}

@inproceedings{Minka2001,
	author = {Minka, T.},
	editor = {Breese, J. S. and Koller, D.},
	title = {Expectation Propagation for Approximate Bayesian Inference},
	booktitle = {UAI '01: Proceedings of the 17th Conference in Uncertainty in Artificial Intelligence},
	year = {2001},
	publisher = {Morgan Kaufmann Publishers Inc.},
	pages = {362-369},
}

@techreport{Minka2004,
	title = {Power EP},
	author = {Minka, T.},
	year = {2004},
	institution = {Microsoft Research, Cambridge},
}

@inproceedings{Paisley2012,
	author = {Paisley, J. and Blei, D. M. and Jordan, M. I.},
	editor = {Langford, J. and Pineau, J.},
	booktitle = {Proceedings of the 29th International Conference on Machine Learning (ICML-12)},
	title = {Variational Bayesian Inference with Stochastic Search},
	year = {2012},
	publisher = {Omnipress},
	pages = {1367-1374},
}

@inproceedings{Ranganath2014,
	author = {Ranganath, R. and Gerrish, S. and Blei, D.},
	editor = {Kaski, S. and Corander, J.},
	title = {Black Box Variational Inference},
	booktitle = {Proceedings of the Seventeenth International Conference on Artificial Intelligence and Statistics},
	year = {2014},
	pages = {814-822},
	publisher = {JMLR W{\&}CP}
}

@article{Robbins1951,
	author = {Robbins, H. and Monro, S.},
	year = {1951},
	title = {A Stochastic Approximation Method},
	journal = {The Annals of Mathematical Statistics},
	volume = {22},
	number = {3},
	pages = {400}
}

@article{Sklar1959,
	author = {Sklar, A.},
	year = {1959},
	title = {Fonctions de répartition à n dimensions et leurs marges},
	journal = {Publ. Inst. Statist. Univ. Paris},
	volume = {8},
	pages = {229-231}
}


@article{Snyder1985,
  	author = {Snyder, R. D.},
  	journal = {Journal of the Royal Statisitcal Society, Series B},
  	volume = {47},
  	title = {Recursive Estimation of Dynamic Linear Models},
  	year = {1985},
  	pages = {272-276}
}

@article{Taylor2003,
  	author = {Taylor, J. W.},
 	journal = {The Journal of the Operational Research Society},
 	volume = {54},
 	number = {8},
  	title = {Short-Term Electricity Demand Forecasting Using Double Seasonal Exponential Smoothing},
  	year = {2003},
  	pages = {799-805},
}

@article{Taylor2008,
  	author = {Taylor, J. W.},
  	journal = {International Journal of Forecasting},
  	volume = {24},
  	title = {An evaluation of methods for very short-term load forecasting using minute-by-minute British data},
  	year = {2008},
  	pages = {645-658},
}

@article{Tierney1994,
  author = {Tierney, L.},
  journal = {Annals of Statistics},
  year = {1994},
  volume = {22},
  number = {4},
  pages = {1701-1728},
  title = {Markov Chains for Exploring Posterior Distributions}
}

@inproceedings{Tran2015,
  	author = {Tran, D. and Blei, D. and Airoldi, E. M},
 	editor = {Cortes, C. and Lawrence, N. D. and Lee, D. D. and Sugiyama, M. and Garnett, R.},
 	title = {Copula variational inference},
 	booktitle = {Advances in Neural Information Processing Systems 28},
 	year = {2015},
 	publisher = {Curran Associates, Inc.},
	pages = {3564-3572}
}

@article{Wainwright2008,
  	author = {Wainwright, M. J. and Jordan, M. I.},
 	journal = {Foundations and Trends in Machine Learning},
  	volume = {1},
 	number = {1-2},
 	year = {2008},
 	pages = {1-305},
 	title = {Graphical Models, Exponential Families, and Variational Inference}
}

@article{Wang2013,
	author = {Wang, C. and Blei, D.},
	journal = {Journal of Machine Learning Research},
	volume = {14},
	number = {4},
	pages = {1005-1031},
	title = {Variational Inference in Nonconjugate Models},
	year = {2013}
}

@article{Weron2014,
	author = {Weron, R.},
  	journal = {International Journal of Forecasting},
  	volume = {30},
  	year = {2014},
  	pages = {1030-1081},
  	title = {Electricity price forecasting: A review of the start-of-the-art with a look into the future}
}


